% © 2025 Jeffrey Gewirtz
% License: Creative Commons Attribution 4.0 International (CC BY 4.0)
% Version: v11.2
% Prepared for peer review and public reproducibility verification.

@misc{gewirtz_rsh_v10_1_2025,
  author    = {Gewirtz, Jeffrey},
  title     = {Resonant Substrate Hypothesis (RSH) v10.1 — The Gewirtz Invariant: Empirical Validation Edition},
  year      = {2025},
  publisher = {Zenodo},
  doi       = {10.5281/zenodo.17422850},
  url       = {https://doi.org/10.5281/zenodo.17422850}
}

% This bibliography accompanies the RSH v11.2 GitHub repository.
% Please cite the Zenodo DOI when referencing this work.
